%% This BibTeX bibliography file was created using BibDesk.
%% http://bibdesk.sourceforge.net/

%% Created for Jake Bowers at 2016-08-24 22:21:48 -0500 


%% Saved with string encoding Unicode (UTF-8) 



@book{kaplan2012ism,
	Address = {Macalester College, St. Paul, MN},
	Author = {Kaplan, Daniel},
	Date-Added = {2016-08-25 03:21:28 +0000},
	Date-Modified = {2016-08-25 03:21:28 +0000},
	Edition = {Second},
	Publisher = {Daniel Kaplan},
	Title = {Statistical Modeling A Fresh Approach},
	Year = {2012}}

@book{wilcox2012introduction,
	Author = {Wilcox, Rand R},
	Date-Added = {2016-08-25 03:21:16 +0000},
	Date-Modified = {2016-08-25 03:21:16 +0000},
	Publisher = {Academic Press},
	Title = {Introduction to robust estimation and hypothesis testing},
	Year = {2012}}

@article{cioffirevilla1984pri,
	Author = {Cioffi-Revilla, C.},
	Journal = {The American Political Science Review},
	Number = {2},
	Pages = {318--337},
	Title = {{The Political Reliability of Italian Governments: An Exponential Survival Model}},
	Volume = {78},
	Year = {1984}}

@book{lohr:2001,
	Author = {Lohr, S.},
	Edition = {2nd ed},
	Publisher = {BrooksCole},
	Title = {Sampling: Design and Analysis},
	Year = {2001}}

@book{james2013introduction,
	Author = {James, Gareth and Witten, Daniela and Hastie, Trevor and Tibshirani, Robert},
	Publisher = {Springer},
	Title = {An Introduction to Statistical Learning},
	Year = {2013}}

@book{gerber2012field,
	Author = {Gerber, A.S. and Green, D.P.},
	Publisher = {WW Norton},
	Title = {Field experiments: Design, analysis, and interpretation},
	Year = {2012}}

@article{freedman2008randomization,
	Author = {Freedman, David A.},
	Journal = {Statistical Science},
	Number = {2},
	Pages = {237--249},
	Title = {Randomization does not justify logistic regression},
	Volume = {23},
	Year = {2008}}

@book{berk04,
	Author = {Berk, Richard},
	Publisher = {Sage},
	Title = {Regression Analysis: A Constructive Critique},
	Year = {2004}}

@article{valentino2006covenants,
	Author = {Valentino, B. and Huth, P. and Croco, S.},
	Journal = {World Politics},
	Number = {3},
	Pages = {339},
	Title = {Covenants without the sword: International law and the protection of civilians in times of war},
	Volume = {58},
	Year = {2006}}

@book{dunning2012natural,
	Author = {Dunning, Thad},
	Publisher = {Cambridge University Press},
	Title = {Natural experiments in the social sciences: a design-based approach},
	Year = {2012}}